M. Wilson  Superconducting magnets for accelerators,,  2003 
@Article{
	author = "M. Wilson",
	title = "Superconducting magnets for accelerators",
	URL = "http://cas.web.cern.ch/cas/UK-2007/Lectures/PDF/Wilson/Wilson.pdf"
}

@Article{KalmanFilter,
     author    = "R. Fruhwirth",
     title     = "Application of Kalman filtering to track and vertex fitting",
     Journal = {Nucl. Instrum. Meth. A},
     volume    = "262",
     year      = "1987",
     pages     = "444",
     doi       = "10.1016/0168-9002(87)90887-4"
}

@article{GSF,
     author	="R. Fruhwirth, W. Adam, A. Strandlie, T. Todorov",
     title	="Reconstruction of electrons with the Gaussian-sum filter in the CMS tracker at the LHC.",
     Journal	={Journal of Physics G.},
     year	="2005",
     volume	="31",
     pages	="9"
     
}

@techreport{PFT09001,
     TITLE     = "Particle Flow Event Reconstruction in CMS and Performance for Jets, Taus, and MET",
     author	="CMS Collaboration",
     TYPE    	= "CMS Physics Analysis Summary",
     NOTE      = "CMS PAS-PFT-09-001",
     year	="2009"
}

@TECHREPORT{PFT10003,
     TITLE     = "Commissioning of the particle-flow event reconstruction with leptons from J/Psi and W decays at 7 TeV",
     author	="CMS Collaboration",
     TYPE    	= "CMS Physics Analysis Summary",
     NOTE      = "CMS-PAS-PFT-10-003",
     year	="2010"
}


%Matteo Cacciari, Gavin P. Salam, and Gregory Soyez. The anti-kt jet clustering
%algorithm. Journal of High Energy Physics, 2008(04):063, 2008.

%The CMS Collaboration. Detector Performance And Software : Physics Technical
%Design Report. CERN-LHCC-2006-001, 2006.

@Article{PTDR2,
     author    = "{CMS Collaboration}",
     title     = "{CMS} technical design report, volume {II}: {Physics}
                  performance",
     journal   = "J. Phys. G",
     volume    = "34",
     year      = "2007",
     pages     = "995-1579",
     doi       = "10.1088/0954-3899/34/6/S01"
%     SLACcitation  = "%%CITATION = JPHGB,G34,995;%%"                                                                                                                        
}

@InProceedings{DAAnnealing,
    author     = "K. Rose",
    title      = "Deterministic Annealing for Clustering, Compression, Classification, Regression and related Optimisation Problems",
    booktitle    = "{Proceedings of the IEEE Vol. 86}",
    volume = "86",
    Issue = "11",
    year       = "1998"
}

 @Article{BTAGNOTE,
     author    = "{CMS Collaboration}",
     title     = "{Commissioning of b-jet identification with pp collisions at sqrt(s) = 7 TeV }",
     journal   = "CMS PAS BTV",
     volume    = "10-001",
     year      = "2010",
     pages     = "",
     doi       = ""
}

@Article{refCSV,
     author    = "{C. Weiser}",
     title     = "{A Combined Secondary Vertex Based B-Tagging Algorithm in CMS}",
     journal   = "CMS NOTE",
     volume    = "014",
     year      = "2006",
     pages     = "17",
     doi       = ""
}

@Article{Chatrchyan:2009hy,
     author    = "Chatrchyan, Serguei and others",
 collaboration = "CMS",
     title     = "{Identification and Filtering of Uncharacteristic Noise in
                  the CMS Hadron Calorimeter}",
     journal   = "JINST",
     volume    = "5",
     year      = "2010",
     pages     = "T03014",
     eprint    = "0911.4881",
     archivePrefix = "arXiv",
     primaryClass  =  "physics.ins-det",
     doi       = "10.1088/1748-0221/5/03/T03014",
     SLACcitation  = "%%CITATION = 0911.4881;%%"                                                                                                                            
}

@Article{Cacciari:2008gp,
     AUTHOR    = "Cacciari, Matteo and Salam, Gavin P. and Soyez, Gregory",
     TITLE     = "The anti-$k_t$ jet clustering algorithm",
     JOURNAL   = "JHEP",
     VOLUME    = "04",
     YEAR      = "2008",
     PAGES     = "063",
     doi       = "10.1088/1126-6708/2008/04/063",
     eprint         = "0802.1189",
     archivePrefix  = "arXiv",
     primaryClass   = "hep-ex",
}
