% SM
@Article{SM1,
     author    = "Glashow, S. L.",
     title     = "Partial Symmetries of Weak Interactions",
     journal   = "Nucl. Phys.",
     volume    = "22",
     year      = "1961",
     pages     = "579",
     doi       = "10.1016/0029-5582(61)90469-2"
}

@Article{SM2,
     author    = "Weinberg, S.",
     title     = "A Model of Leptons",
     journal   = "Phys. Rev. Lett.",
     volume    = "19",
     year      = "1967",
     pages     = "1264",
     doi       = "10.1103/PhysRevLett.19.1264"
}


% citation title from "The rise of the standard model: particle physics in the 1960s and 1970s", By Lillian Hoddeson
@Inproceedings{SM3,
    author = "Salam, Abdus",
    editor = "Svartholm, Nils",
    publisher = "Almqvist \& Wiskell",
    address = "Stockholm",
    year = "1968",
    booktitle = "Elementary particle physics: relativistic groups and analyticity",
    note = "Proceedings of the eighth Nobel symposium",
    title = "Weak and electromagnetic interactions",
    pages = "367"
}

% Higgs Mechanism
@article{Englert:1964et,
	Author = {F. Englert and R. Brout},
	Doi = {10.1103/PhysRevLett.13.321},
	Journal = {Phys. Rev. Lett.},
	Pages = {321},
	Title = {Broken symmetry and the mass of gauge vector mesons},
	Volume = {13},
	Year = {1964}}

@article{Higgs:1964ia,
	Author = {Higgs, P. W.},
	Doi = {10.1016/0031-9163(64)91136-9},
	Journal = {Phys. Lett.},
	Pages = {132},
	Title = {Broken symmetries, massless particles and gauge fields},
	Volume = {12},
	Year = {1964}}

@article{Higgs:1964pj,
	Author = {Higgs, P. W.},
	Doi = {10.1103/PhysRevLett.13.508},
	Journal = {Phys. Rev. Lett.},
	Pages = {508},
	Title = {Broken symmetries and the masses of gauge bosons},
	Volume = {13},
	Year = {1964}}

@article{Guralnik:1964eu,
	Author = {Guralnik, G. S. and Hagen, C. R. and Kibble, T. W. B.},
	Doi = {10.1103/PhysRevLett.13.585},
	Journal = {Phys. Rev. Lett.},
	Pages = {585},
	Title = {Global conservation laws and massless particles},
	Volume = {13},
	Year = {1964}}

@article{Higgs:1966ev,
	Author = {Higgs, P. W.},
	Doi = {10.1103/PhysRev.145.1156},
	Journal = {Phys. Rev.},
	Pages = {1156},
	Title = {Spontaneous symmetry breakdown without massless bosons},
	Volume = {145},
	Year = {1966}}

@article{Kibble:1967sv,
	Author = {Kibble, T. W. B.},
	Doi = {10.1103/PhysRev.155.1554},
	Journal = {Phys. Rev.},
	Pages = 1554,
	Title = {Symmetry breaking in non-{A}belian gauge theories},
	Volume = 155,
	Year = 1967
}

% SUSY 

@article{Golfand:1971iw,
      author         = "Golfand, Yu.A. and Likhtman, E.P.",
      title          = "{Extension of the Algebra of Poincare Group Generators
                        and Violation of p Invariance}",
      journal        = "JETP Lett.",
      volume         = "13",
      pages          = "323-326",
      year           = "1971",
      SLACcitation   = "%%CITATION = JTPLA,13,323;%%",
}

@article{Wess:1974tw,
      author         = "Wess, J. and Zumino, B.",
      title          = "{Supergauge Transformations in Four-Dimensions}",
      journal        = "Nucl.Phys.",
      volume         = "B70",
      pages          = "39-50",
      doi            = "10.1016/0550-3213(74)90355-1",
      year           = "1974",
      SLACcitation   = "%%CITATION = NUPHA,B70,39;%%",
}

% MSSM

@article{fayet1,
   AUTHOR     = {Fayet, P.},
   TITLE      = "Supergauge invariant extension of the {H}iggs mechanism and a model for the electron and its neutrino",
   JOURNAL    = "Nucl. Phys. B",
   VOLUME     = "90",
   YEAR       = "1975",
   DOI        = "10.1016/0550-3213(75)90636-7",
   PAGES      = "104"}

@article{fayet2,
   AUTHOR     = {Fayet, P.},
   TITLE      = "Spontaneously broken supersymmetric theories of weak, electromagnetic and strong interactions",
   JOURNAL    = "Phys. Lett. B",
   VOLUME     = "69",
   YEAR       = "1977",
   DOI        = "10.1016/0370-2693(77)90852-8",
   PAGES      = "489"}



@article{glashow-2hdm,
   AUTHOR    = {Glashow, S. L. and Weinberg, S.},
   TITLE     = "Natural conservation laws for neutral currents",
   JOURNAL   = "Phys. Rev. D",
   VOLUME    = "15",
   YEAR      = "1977",
   DOI       = "10.1103/PhysRevD.15.1958",
   PAGES     = "1958"}

@article{deshpande,
   AUTHOR    = {Deshpande, N. G. and Ma E.},
   TITLE     = "Pattern of symmetry breaking with two {H}iggs doublets",
   JOURNAL   = "Phys. Rev. D",
   VOLUME    = "18",
   YEAR      = "1978",
   DOI       = "10.1103/PhysRevD.18.2574",
   PAGES     = "2574"}

% Higgs Limits
@article{Barate:2003sz,
      author         = "Barate, R. and others",
      title          = "Search for the standard model {H}iggs boson at {LEP}",
      collaboration  = "ALEPH, DELPHI, L3, OPAL Collaborations, and the LEP Working Group for Higgs Boson Searches",
      journal        = "Phys. Lett. B",
      volume         = "565",
      pages          = "61",
      doi            = "10.1016/S0370-2693(03)00614-2",
      year           = "2003",
      eprint         = "hep-ex/0306033",
      archivePrefix  = "arXiv",
      primaryClass   = "hep-ex",
      reportNumber   = "CERN-EP-2003-011",
      SLACcitation   = "%%CITATION = HEP-EX/0306033;%%"
}

@Unpublished{EWK,
     author    = "{ALEPH, CDF, D0, DELPHI, L3, OPAL, SLD Collaborations, the LEP Working Group, the Tevatron Electroweak Working Group, and the SLD Electroweak and Heavy flavor Group}",
     title     = "Precision electroweak measurements and constraints on the standard model",
     eprint   = "hep-ex/1012.2367",
     archivePrefix = "arXiv",
     primaryClass = "hep-ex",
     year = "2010",
     Slaccitation = {%%CITATION = 1012.2367;%%},
}


@article{CMS-PAPER-HIG-10-002,
      author        = "Chatrchyan, S. and others",
      author         = "CMS",
      title          = "Search for neutral {MSSM} {H}iggs bosons decaying to tau
                        pairs in $pp$ collisions at $\sqrt{s}=7$ {TeV}",
      collaboration  = "CMS",
      journal        = "Phys. Rev. Lett.",
      volume         = "106",
      pages          = "231801",
      doi            = "10.1103/PhysRevLett.106.231801",
      year           = "2011",
      SLACcitation   = "%%CITATION = ARXIV:1104.1619;%%",
}

@ARTICLE{CMS-JINST,
     author    = "Chatrchyan, S. and others",
     collaboration = "CMS",
     title     = "The {CMS} experiment at the {CERN} {LHC}",
     journal   = "JINST",
     volume    = "3",
     year      = "2008",
     pages     = "S08004",
     doi       = "10.1088/1748-0221/3/08/S08004",
     SLACcitation  = "%%CITATION = JINST,3,S08004;%%"
}
@BOOK{Higgshunter,
     AUTHOR    = "J. Gunion and others",
     TITLE     = "The Higgs Hunter's Guide",
     PUBLISHER   = "Westview Press",
     ISBN    = "073820305X",
     YEAR      = "2000"}

@ARTICLE{Witten-hierarchy,
     AUTHOR    = "E. Witten",
     TITLE     = "Mass Hierarchies in Supersymmetric Theories",
     JOURNAL   = "Phys. Lett. B",
     VOLUME    = "105",
     PAGES     = "267",
     DOI       = "10.1016/0370-2693(81)90885-6",
     YEAR      = "1981"}

@ARTICLE{Chung05,
    AUTHOR     = "Chung, D. H. J. and others",
    TITLE      = "The Soft Supersymmetry Breaking Lagrangian: Theory and Applications",
    JOURNAL    = "Phys. Rep.",
    VOLUME     = "407",
    YEAR       = "2005",
    PAGES      = "1",
    DOI        = "10.1016/j.physrep.2004.08.032",
    NOTE       = "(and references therein)"}

@TECHREPORT{CMS-PAS-PFT-09-001,
      AUTHOR      = "{CMS Collaboration}",
      COLLABORATION = {CMS},
      TITLE       = "Particle--Flow Event Reconstruction in {CMS} and Performance for Jets, Taus, and {\MET}",
      URL         = "http://cdsweb.cern.ch/record/1194487",
      TYPE     = "CMS Physics Analysis Summary",
      NUMBER      =  "CMS-PAS-PFT-09-001",
      YEAR        = "2009"
}
@TECHREPORT{CMS-PAS-PFT-10-002,
      AUTHOR      = "{CMS Collaboration}",
      COLLABORATION = {CMS},
      TITLE       = "Commissioning of the Particle-Flow Reconstruction in Minimum-Bias and Jet Events from {$\Pp\Pp$} Collisions at 7 {TeV}",
      URL         = "http://cdsweb.cern.ch/record/1279341",
      TYPE     = "CMS Physics Analysis Summary",
      NUMBER      =  "CMS-PAS-PFT-10-002",
      YEAR        = "2010"
}
@TECHREPORT{CMS-PAS-PFT-10-003,
      AUTHOR      = "{CMS Collaboration}",
      COLLABORATION = "CMS",
      TITLE       = "Commissioning of the particle-flow event reconstruction with leptons from {J}/$\Psi$ and {W} decays at 7 {TeV}",
      URL         = "http://cdsweb.cern.ch/record/1279347",
      TYPE        = "CMS Physics Analysis Summary",
      NUMBER      = "CMS-PAS-PFT-10-003",
      YEAR        = "2010"
}

@TECHREPORT{CMS-PAS-EGM-10-004,
      AUTHOR      = "{CMS Collaboration}",
      COLLABORATION = {CMS},
      TITLE       = "Electron Reconstruction and Identification at $\sqrt{s} = 7$ {TeV}",
      URL         = "http://cdsweb.cern.ch/record/1299116",
      TYPE     = "CMS Physics Analysis Summary",
      NUMBER      =  "CMS-PAS-EGM-10-004",
      YEAR        = "2010"
}

@TECHREPORT{CMS-PAS-MUO-10-002,
      AUTHOR      = "{CMS Collaboration}",
      COLLABORATION = {CMS},
      TITLE       = "Performance of muon identification in pp collisions at $\sqrt{s}$ = 7 {TeV}",
      URL         = "http://cdsweb.cern.ch/record/1279140",
      TYPE     = "CMS Physics Analysis Summary",
      NUMBER      =  "CMS-PAS-MUO-10-002",
      YEAR        = "2010"
}

@TECHREPORT{CMS-PAS-PFT-10-004,
      AUTHOR      = "{CMS Collaboration}",
      COLLABORATION = {CMS},
      TITLE       = "Study of tau reconstruction algorithms using {$\Pp\Pp$} collisions data collected at $\sqrt{s} = 7\,${TeV} with {CMS} detector at {LHC}",
      URL         = "http://cdsweb.cern.ch/record/1279358",
      TYPE     = "CMS Physics Analysis Summary",
      NUMBER      =  "CMS-PAS-PFT-10-004",
      YEAR        = "2010"
}

@TECHREPORT{CMS-LUMI,
    AUTHOR      = "{CMS Collaboration}",
    COLLABORATION = "{CMS}",
    TITLE       = "Measurement of {CMS} Luminosity",
    URL         = "http://cdsweb.cern.ch/record/1279145",
    TYPE     = "CMS Physics Analysis Summary",
    NUMBER      = "CMS-PAS-EWK-10-004",
    YEAR        = "2010"}

@ARTICLE{CMS-PAS-TAU-11-001,
      author    = "{CMS Collaboration}",
      COLLABORATION = {CMS},
      TITLE       = "Performance of tau-lepton reconstruction and identification in CMS",
      JOURNAL     = "JINST",
      Volume      = "7",
      PAGES       = "P01001",
      DOI         = "10.1088/1748-0221/7/01/P01001",
      YEAR        = "2012"
}

@article{CMS-EWK-TAU,
     author    = "Chatrchyan, S. and others",
    COLLABORATION = "CMS",
    TITLE       = "Measurement of Inclusive {Z} Cross Section via Decays to Tau Pairs in pp Collisions at $\sqrt{s}$=7 {TeV}",
    JOURNAL     = "JHEP",
    VOLUME      = "8",
    PAGES       = "117",
    DOI         = "10.1007/JHEP08(2011)117",
    YEAR        = "2011"}

@article{CMS-EWK-WZ,
     author    = "Khachatryan, V. and others",
    COLLABORATION = "CMS",
    TITLE       = "Measurement of Inclusive {$W$} and {$Z$} Cross Sections in $pp$ Collisions $\sqrt{s}$=7 {TeV}",
    JOURNAL     = "JHEP",
    VOLUME      = "1110",
    PAGES       = "132",
    DOI         = "10.1007/JHEP01(2011)080",
    YEAR        = "2011"}

@Article{PTDR2,
     author    = "{CMS Collaboration}",
     title     = "{CMS technical design report, volume II: Physics
                  performance}",
     journal   = "J. Phys. G",
     volume    = "34",
     year      = "2007",
     Pages     = "995",
     doi       = "10.1088/0954-3899/34/6/S01",
     SLACcitation  = "%%CITATION = JPHGB,G34,995;%%"}

@Article{Pythia,
     author    = "T. Sj{\"o}strand and S. Mrenna and P. Skands",
     title     = "{PYTHIA} 6.4 physics and manual",
     journal   = "JHEP",
     volume    = "05",
     pages     = "026",
     year      ="2006",
     doi       = "10.1088/1126-6708/2006/05/026"
}

@article{TAUOLA,
     AUTHOR   = "W\c{a}s, Z.",
     TITLE    = "{TAUOLA} the library for tau lepton decay, and {KKMC/KORALB/KORALZ}\ldots status report",
     JOURNAL  = "Nucl. Phys. B, Proc. Suppl.",
     VOLUME   = "98",
     PAGES    = "96",
     DOI      = "10.1016/S0920-5632(01)01200-2",
     YEAR     = "2001"}

@Article{FeHiPro1,
     author     = "Anastasiou, C. and Melnikov, K. and Petriello, F.",
     title      = "Fully differential {H}iggs boson production and the di-photon signal through next-to-next-to-leading order",
     journal    = "Nucl. Phys. B",
     volume     = "724",
     pages      = "197",
     doi        = "10.1016/j.nuclphysb.2005.06.036",
     year       = "2005"}

@Article{FeHiPro2,
     author     = "Anastasiou, C. and Bucherer, S. and Kunszt, Z.",
     title      = "{HPro}: A {NLO} {Monte-Carlo} for {H}iggs production via gluon fusion with finite heavy quark masses",
     journal    = "JHEP",
     volume     = "10",
     pages      = "068",
     doi        = "10.1088/1126-6708/2009/10/068",
     year       = "2009"}

@InProceedings{Conway-PhyStat,
    author     = "Conway, J. S.",
    title      = "Nuisance Parameters in Likelihoods for Multisource Spectra",
    booktitle    = "Proceedings of {PHYSTAT} 2011 Workshop on Statistical Issues Related to Discovery Claims in Search Experiments and Unfolding",
    publisher  = "CERN",
    editor     = "H.B. Propser and L. Lyons",
    number     = {CERN-2011-006},
    pages      = "115",
    url         = "http://cdsweb.cern.ch/record/1306523",
    year       = "2011"}

@Unpublished{Tevatron-MSSM,
     AUTHOR        = "{CDF and D0 Collaborations}",
     TITLE         = "Combined {CDF} and {D0} Upper Limits on {MSSM} {H}iggs Boson
Production in Tau-Tau Final States with up to 2.2 fb$^{-1}$",
     eprint         = "hep-ex/1003.3363",
     archivePrefix  = "arXiv",
     primaryClass   = "hep-ex",
     YEAR          = "2010"}

@ARTICLE{D0-MSSM,
     AUTHOR        = "Abazov, V. M.",
     collaboration = "D0",
     TITLE         = "Search for {H}iggs bosons decaying to $\tau^+\tau^-$ pairs in $p\bar{p}$ collisions at $\sqrt{s}$ = 1.96 {TeV}",
     journal       = "Phys. Lett. B",
     volume        = "707",
     pages         = "323",
     doi           = "10.1016/j.physletb.2011.12.050",
     YEAR          = "2012"}

@ARTICLE{CDF-MSSM,
     author        = "Aaltonen, T. and others",
     collaboration = "CDF",
     TITLE         = "Search for {H}iggs Bosons Predicted in Two-{H}iggs-Doublet Models via Decays to Tau Lepton Pairs in 1.96 {TeV} $p\bar{p}$ Collisions",
     journal       = "Phys. Rev. Lett.",
     volume        = "103",
     pages         = "201801",
     DOI           = "10.1103/PhysRevLett.103.201801",
     YEAR          = "2009"}

@Article{LEP2-MSSM,
     AUTHOR = "Schael, S. and others",
     COLLABORATION       = "LEP Collaborations ALEPH, DELPHI, L3 and OPAL Collaborations and the LEP Working Group for Higgs Boson Searches",
     TITLE        = "Search for neutral {MSSM} {H}iggs bosons at {LEP}",
     JOURNAL      = "Eur. Phys. J. C",
     VOLUME       = "47",
     PAGES        = "547",
     DOI          = "10.1140/epjc/s2006-02569-7",
     YEAR         = "2006"}


@article{CMS-HIGGS-DISCOVERY,
      author         = "Chatrchyan, Serguei and others",
      title          = "{Observation of a new boson at a mass of 125 GeV with the
                        CMS experiment at the LHC}",
      collaboration  = "CMS Collaboration",
      journal        = "Phys.Lett.",
      volume         = "B716",
      pages          = "30-61",
      doi            = "10.1016/j.physletb.2012.08.021",
      year           = "2012",
      eprint         = "1207.7235",
      archivePrefix  = "arXiv",
      primaryClass   = "hep-ex",
      reportNumber   = "CMS-HIG-12-028, CERN-PH-EP-2012-220",
      SLACcitation   = "%%CITATION = ARXIV:1207.7235;%%",
}

@article{ATLAS-HIGGS-DISCOVERY,
      author         = "Aad, Georges and others",
      title          = "{Observation of a new particle in the search for the
                        Standard Model Higgs boson with the ATLAS detector at the
                        LHC}",
      collaboration  = "ATLAS Collaboration",
      journal        = "Phys.Lett.",
      volume         = "B716",
      pages          = "1-29",
      doi            = "10.1016/j.physletb.2012.08.020",
      year           = "2012",
      eprint         = "1207.7214",
      archivePrefix  = "arXiv",
      primaryClass   = "hep-ex",
      reportNumber   = "CERN-PH-EP-2012-218",
      SLACcitation   = "%%CITATION = ARXIV:1207.7214;%%",
}


@ARTICLE{MHMAX-Carena,
     TITLE         = "{MSSM} {H}iggs boson searches at the {T}evatron and the {LHC}: Impact of different benchmark scenarios",
     AUTHOR        = "Carena, M. S. and others",
     JOURNAL       = "Eur. Phys. J. C",
     VOLUME        = "45",
     PAGES         = "797",
     DOI           = "10.1140/epjc/s2005-02470-y",
     YEAR          = "2006"}

@ARTICLE{MHMAX-Carena-2002,
     TITLE         = "Suggestions for benchmark scenarios for {MSSM} {H}iggs boson searches at hadron colliders",
     AUTHOR        = "Carena, M. S. and others",
     JOURNAL       = "Eur. Phys. J. C",
     Volume        = "26",
     PAGES         = "601",
     DOI           = "10.1140/epjc/s2002-01084-3",
     YEAR          = "2003"}

@article{Carena:2013qia,
      author         = "Carena, M. and Heinemeyer, S. and Stål, O. and Wagner,
                        C.E.M. and Weiglein, G.",
      title          = "{MSSM Higgs Boson Searches at the LHC: Benchmark
                        Scenarios after the Discovery of a Higgs-like Particle}",
      year           = "2013",
      eprint         = "1302.7033",
      archivePrefix  = "arXiv",
      primaryClass   = "hep-ph",
      reportNumber   = "ANL-HEP-PR-13-12, EFI-13-2, DESY-13-024,
                        FERMILAB-PUB-13-041-T",
      SLACcitation   = "%%CITATION = ARXIV:1302.7033;%%",
}

@Techreport{LHCHiggsCrossSectionWorkingGroup:2011ti,
    author  = "{LHC Higgs Cross Section Working Group}",
   title   = "{Handbook of LHC Higgs Cross Sections: 1. Inclusive Observables}",
    number = "CERN-2011-002",
    type = "CERN Report",
    year    = "2011",
    url     = "http://cdsweb.cern.ch/record/1318996",
    eprint  = "1101.0593",
    archivePrefix = "arXiv",
    primaryClass  = "hep-ph"
}

@Techreport{Dittmaier:2012vm,
     author  = "{LHC Higgs Cross Section Working Group}",
     title     = "{Handbook of LHC Higgs Cross Sections: 2. Differential  Distributions}",
     number = "CERN-2012-002",
     type   = "CERN Report",
     url    = "http://cdsweb.cern.ch/record/1416519",
     year      = "2012",
     eprint    = "1201.3084",
     archivePrefix = "arXiv",
     primaryClass  =  "hep-ph",
     SLACcitation  = "%%CITATION = 1201.3084;%%"
}
@Article{Dawson:1990zj,
   author    = "Dawson, S.",
   title     = "{Radiative corrections to Higgs boson production}",
   journal   = "Nucl. Phys. B",
   volume    = "359",
   year      = "1991",
   pages     = "283",
   doi       = "10.1016/0550-3213(91)90061-2",
   SLACcitation  = "%%CITATION = NUPHA,B359,283;%%"
}

@article{Dawson:2003kb,
 author         = "Dawson, S. and Jackson, C.B. and Reina, L. and Wackeroth, D.",
 title          = "{Exclusive Higgs boson production with bottom quarks at hadron colliders}",
 journal        = "Phys. Rev. D",
 volume         = "69",
 pages          = "074027",
 doi            = "10.1103/PhysRevD.69.074027",
 year           = "2004",
 eprint         = "hep-ph/0311067",
 archivePrefix  = "arXiv",
 primaryClass   = "hep-ph",
}

@Article{Spira:1995rr,
   author    = "Spira, M. and Djouadi, A. and Graudenz, D. and Zerwas, P. M.",
   title     = "{Higgs boson production at the LHC}",
   journal   = "Nucl. Phys. B",
   volume    = "453",
   year      = "1995",
   pages     = "17",
   doi       = "10.1016/0550-3213(95)00379-7",
   SLACcitation  = "%%CITATION = HEP-PH/9504378;%%"
}

@Article{Djouadi:1997yw,
   author    = "Djouadi, A. and Kalinowski, J. and Spira, M.",
   title     = "{HDECAY: A program for Higgs boson decays in the standard
                model and its  supersymmetric extension}",
   journal   = "Comput. Phys. Commun.",
   volume    = "108",
   year      = "1998",
   pages     = "56",
   doi       = "10.1016/S0010-4655(97)00123-9",
   SLACcitation  = "%%CITATION = HEP-PH/9704448;%%"
}

@inproceedings{hdecay2,
      author  = "Djouadi, A. and Kalinowski, J. and Muhlleitner,
M. and Spira , M.",
      title           = "{An update of the program HDECAY}",
      booktitle       = "{The Les Houches 2009 workshop on TeV
colliders: The tools and Monte Carlo working group summary
report}",
      year           = "2010",
      eprint         = "hep-ph/1003.1643",
      archivePrefix  = "arXiv",
      primaryClass   = "hep-ph"
}

@Article{Actis:2008ts,
   author    = "Actis, Stefano and Passarino, Giampiero and Sturm,  Christian and Uccirati, Sandro",
   title     = "{NNLO} Computational Techniques: the Cases ${H} \to\gamma\gamma$ and $H \to g g$",
   journal   = "Nucl. Phys. B",
   volume    = "811",
   year      = "2009",
   pages     = "182",
   doi       = "10.1016/j.nuclphysb.2008.11.024",
   SLACcitation  = "%%CITATION = 0809.3667;%%"
}

@Article{Figy:2003nv,
   author    = "Figy, T. and Oleari, C. and Zeppenfeld, D.",
   title     = "{Next-to-leading order jet distributions for Higgs boson
                production via  weak-boson fusion}",
   journal   = "Phys. Rev. D",
   volume    = "68",
   year      = "2003",
   pages     = "073005",
   doi       = "10.1103/PhysRevD.68.073005",
   SLACcitation  = "%%CITATION = HEP-PH/0306109;%%"
}

@Article{Bolzoni:2010xr,
   author    = "Bolzoni, P. and Maltoni, F. and Moch, S. and Zaro, M.",
   title     = "{Higgs production via vector-boson fusion at NNLO in QCD}",
   journal   = "Phys. Rev. Lett.",
   volume    = "105",
   year      = "2010",
   pages     = "011801",
   doi       = "10.1103/PhysRevLett.105.011801",
   SLACcitation  = "%%CITATION = 1003.4451;%%"
}

@Article{Figy:2010ct,
   author    = "Figy, T. and Palmer, S. and Weiglein, G.",
   title     = "{Higgs production via weak boson fusion in the standard
                model and the MSSM}",
   year      = "2010",
   eprint    = "hep-ph/1012.4789",
   archivePrefix = "arXiv",
   primaryClass  =  "hep-ph",
   SLACcitation  = "%%CITATION = 1012.4789;%%"
}

@Article{Spira:1995mt,
    author    = "Spira, M.",
    title     = "{HIGLU: A Program for the Calculation of the Total Higgs
                 Production Cross Section at Hadron Colliders via Gluon
                 Fusion including QCD Corrections}",
    year      = "1995",
    eprint    = "hep-ph/9510347",
    archivePrefix = "arXiv",
    SLACcitation  = "%%CITATION = HEP-PH/9510347;%%"
}
@Article{Harlander:2002vv,
    author    = "Harlander, R. V. and Kilgore, W. B.",
    title     = "{Production of a pseudo-scalar Higgs boson at hadron
                 colliders at  next-to-next-to leading order}",
    journal   = "JHEP",
    volume    = "10",
    year      = "2002",
    pages     = "017",
    doi       = "10.1088/1126-6708/2002/10/017",
    SLACcitation  = "%%CITATION = HEP-PH/0208096;%%"
}
@Article{Harlander:2003ai,
    author    = "Harlander, R. V. and Kilgore, W. B.",
    title     = "{Higgs boson production in bottom quark fusion at next-to-next-to-leading order}",
    journal   = "Phys. Rev. D",
    volume    = "68",
    year      = "2003",
    pages     = "013001",
    doi       = "10.1103/PhysRevD.68.013001",
    SLACcitation  = "%%CITATION = HEP-PH/0304035;%%"
}

@Article{Dittmaier:2003ej,
    author    = "Dittmaier, S. and Kramer, M. and Spira, M.",
    title     = "{Higgs radiation off bottom quarks at the Tevatron and the LHC}",
    journal   = "Phys. Rev. D",
    volume    = "70",
    year      = "2004",
    pages     = "074010",
    doi       = "10.1103/PhysRevD.70.074010",
    SLACcitation  = "%%CITATION = HEP-PH/0309204;%%"
}
@Article{Heinemeyer:1998yj,
    author    = "Heinemeyer, S. and Hollik, W. and Weiglein, G.",
    title     = "{FeynHiggs: a program for the calculation of the masses of
                 the neutral CP-even Higgs bosons in the MSSM}",
    journal   = "Comput. Phys. Commun.",
    volume    = "124",
    year      = "2000",
    pages     = "76-89",
    doi       = "10.1016/S0010-4655(99)00364-1",
    SLACcitation  = "%%CITATION = HEP-PH/9812320;%%"
}
@Article{Heinemeyer:1998np,
    author    = "Heinemeyer, S. and Hollik, W. and Weiglein, G.",
    title     = "{The Masses of the neutral CP-even Higgs bosons in the
                 MSSM: Accurate analysis at the two loop level}",
    journal   = "Eur. Phys. J. C",
    volume    = "9",
    year      = "1999",
    pages     = "343",
    doi       = "10.1007/s100529900006",
    SLACcitation  = "%%CITATION = HEP-PH/9812472;%%"
}
@Article{Degrassi:2002fi,
    author    = "Degrassi, G. and others",
    title     = "{Towards high-precision predictions for the MSSM Higgs
                 sector}",
    journal   = "Eur. Phys. J. C",
    volume    = "28",
    year      = "2003",
    pages     = "133",
    doi       = "10.1140/epjc/s2003-01152-2",
    SLACcitation  = "%%CITATION = HEP-PH/0212020;%%"
}
@Article{Frank:2006yh,
    author    = "Frank, M. and others",
    title     = "{The Higgs boson masses and mixings of the complex MSSM in
                 the  Feynman-diagrammatic approach}",
    journal   = "JHEP",
    volume    = "02",
    year      = "2007",
    pages     = "047",
    doi       = "10.1088/1126-6708/2007/02/047",
    SLACcitation  = "%%CITATION = HEP-PH/0611326;%%"
}

@Article{Han:1991ia,
   author    = "Han, T. and Willenbrock, S.",
   title     = "{QCD correction to the $pp \to WH$ and $ZH$ total cross-sections}",
   journal   = "Phys. Lett. B",
   volume    = "273",
   year      = "1991",
   pages     = "167",
   doi       = "10.1016/0370-2693(91)90572-8",
   SLACcitation  = "%%CITATION = PHLTA,B273,167;%%"
}

@Article{Hamberg:1990np,
   author    = "Hamberg, R. and van Neerven, W. L. and Matsuura, T.",
   title     = "{A complete calculation of the order $\alphas^{2}$
                correction to the Drell-Yan $K$ factor}",
   journal   = "Nucl. Phys. B",
   volume    = "359",
   year      = "1991",
   pages     = "343",
   doi       = "10.1016/0550-3213(91)90064-5",
   SLACcitation  = "%%CITATION = NUPHA,B359,343;%%"
}

@article{Botje:2011sn,
    author         = "Botje, Michiel and Butterworth, Jon and Cooper-Sarkar,
                      Amanda and de Roeck, Albert and Feltesse, Joel and others",
    title          = "{The PDF4LHC Working Group Interim Recommendations}",
    year           = "2011",
    eprint         = "hep-ph/1101.0538",
    archivePrefix  = "arXiv",
    primaryClass   = "hep-ph",
}

@article{Alekhin:2011sk,
    author         = "Alekhin, Sergey and Alioli, Simone and Ball, Richard D.
                      and Bertone, Valerio and Blumlein, Johannes and others",
    title          = "{The PDF4LHC Working Group Interim Report}",
    year           = "2011",
    eprint         = "hep-ph/1101.0536",
    archivePrefix  = "arXiv",
    primaryClass   = "hep-ph",
}

@article{Lai:2010vv,
    author         = "Lai, Hung-Liang and Guzzi, Marco and Huston, Joey and Li,
                      Zhao and Nadolsky, Pavel M. and others",
    title          = "{New parton distributions for collider physics}",
    journal        = "Phys. Rev. D",
    volume         = "82",
    pages          = "074024",
    doi            = "10.1103/PhysRevD.82.074024",
    year           = "2010",
}

@article{Martin:2009iq,
    author         = "Martin, A.D. and Stirling, W.J. and Thorne, R.S. and
                      Watt, G.",
    title          = "{Parton distributions for the LHC}",
    journal        = "Eur. Phys. J. C",
    volume         = "63",
    pages          = "189",
    doi            = "10.1140/epjc/s10052-009-1072-5",
    year           = "2009",
}


@article{Ball:2011mu,
    author         = "Ball, Richard D. and Bertone, Valerio and Cerutti,
                      Francesco and Del Debbio, Luigi and Forte, Stefano and
                      others",
    title          = "{Impact of Heavy Quark Masses on Parton Distributions and
                      LHC Phenomenology}",
    collaboration  = "NNPDF",
    year           = "2011",
    eprint         = "hep-ph/1101.1300",
    archivePrefix  = "arXiv",
    primaryClass   = "hep-ph",
}


@Article{Alekhin:2009ni,
   author    = "Alekhin, S. and Blumlein, J. and Klein, S. and Moch,
   S.",
   title     = "{The 3-, 4-, and 5-flavor NNLO Parton from
   Deep-Inelastic-
                Scattering Data and at Hadron Colliders}",
   journal   = "Phys. Rev. D",
   volume    = "81",
   year      = "2010",
   pages     = "014032",
   doi       = "10.1103/PhysRevD.81.014032",
   SLACcitation  = "%%CITATION = 0908.2766;%%"
}

@Article{Gluck:2007ck,
   author    = "Gluck, M. and Jimenez-Delgado, P. and Reya, E.",
   title     = "{Dynamical parton distributions of the nucleon and
   very
                small-x physics}",
   journal   = "Eur. Phys. J. C",
   volume    = "53",
   year      = "2008",
   pages     = "355",
   doi       = "10.1140/epjc/s10052-007-0462-9",
   SLACcitation  = "%%CITATION = 0709.0614;%%"
}

@Article{:2009wt,
   author    = "Aaron, F. D. and others",
collaboration = "H1 and ZEUS",
   title     = "{Combined Measurement and QCD Analysis of the
   Inclusive ep
                Scattering Cross Sections at HERA}",
   journal   = "JHEP",
   volume    = "01",
   year      = "2010",
   pages     = "109",
   doi       = "10.1007/JHEP01(2010)109",
   SLACcitation  = "%%CITATION = 0911.0884;%%"
}

@ARTICLE{POWHEG-V,
   AUTHOR     = "Alioli, S. and others",
   TITLE      = "NLO Vector Boson Production Matched with Shower in POWHEG",
   YEAR       = "2008",
   JOURNAL    = "JHEP",
   VOLUME     = "0807",
   DOI        = "10.1088/1126-6708/2008/07/060",
   PAGES      = "060"
}
@ARTICLE{POWHEG1,
   AUTHOR     = "Nason, P.",
   TITLE      = "A New Method for Combining NLO QCD with Shower Monte Carlo Algorithms",
   YEAR       = "2004",
   JOURNAL    = "JHEP",
   VOLUME     = "0411",
   DOI        = "10.1088/1126-6708/2004/11/040",
   PAGES      = "040"
}
@Article{POWHEG2,
     author  = "{S. Frixione, P. Nason, C. Oleari}",
     title   = "Matching {NLO QCD} computations with parton shower simulations: the {POWHEG} method",
     journal = "JHEP",
     volume  = "11",
     pages   = "070",
     year    = "2007",
     doi     = "10.1088/1126-6708/2007/11/070"
}
@ARTICLE{POWHEG3,
   AUTHOR     = "Alioli, S. and others",
   TITLE      = "A General Framework for Implementing NLO Calculations in Shower Monte Carlo Programs: the POWHEG BOX",
   YEAR       = "2010",
   JOURNAL    = "JHEP",
   VOLUME     = "1006",
   PAGES      = "043",
   DOI        = "10.1007/JHEP06(2010)043"
}

@PHDTHESIS{CRISTOBAL,
     AUTHOR       = "Almenar, C. C.",
     TITLE        = "Search for the neutral {MSSM} {H}iggs bosons in the $\tau \tau$ decay channels at {CDF Run II}",
     school       = "Universitat de Val{\`e}ncia",
     Note         = "{FERMILAB-THESIS-2008-86}",
     DOI          = "10.2172/953708"}



@techreport{CMS-Higgs-2012,
      AUTHOR      = "{CMS Collaboration}",
      COLLABORATION = {CMS},
      TITLE       = "Combination of SM, SM4, FP Higgs boson searches",
      URL          = "http://cdsweb.cern.ch/record/1429928",
      TYPE         = "CMS Physics Analysis Summary",
      NUMBER       = "CMS-PAS-HIG-12-008",
      YEAR         = "2012"
}


@techreport{BTV-10-001,
      AUTHOR      = "{CMS Collaboration}",
      COLLABORATION = "CMS",
      TITLE       = "Commissioning of b-jet identification with pp collisions at $\sqrt{s}$ = 7 {TeV}",
      URL         = "http://cdsweb.cern.ch/record/1279144",
      TYPE        = "CMS Physics Analysis Summary",
      NUMBER      = "CMS-PAS-BTV-10-001",
      YEAR        = "2010"
}



@TECHREPORT{BTV-11-004,
      AUTHOR      = "{CMS Collaboration}",
      COLLABORATION = "CMS",
      TITLE       = "b-Jet Identification in the CMS Experiment",
      URL         = "http://cdsweb.cern.ch/record/1427247",
      TYPE        = "CMS Physics Analysis Summary",
      NUMBER      = "CMS-PAS-BTV-11-004",
      YEAR        = "2012"
}


@Unpublished{Cacciari:fastjet1,
      author         = "M. Cacciari and  Salam, G. P. and G. Soyez",
      title          = "{FastJet} user manual",
      eprint         = "hep-ph/1111.6097v1",
      archivePrefix  = "arXiv",
      primaryClass   = "hep-ph",
}

@article{Cacciari:fastjet2,
      author         = "M. Cacciari and  Salam, G. P.",
      title          = "{Dispelling the $N^{3}$ myth for the $k_t$ jet-finder}",
      journal        = "Phys. Lett. B",
      volume         = "641",
      pages          = "57",
      doi            = "10.1016/j.physletb.2006.08.037",
      year           = "2006",
      eprint         = "hep-ph/0512210",
      archivePrefix  = "arXiv",
      primaryClass   = "hep-ph",
}

@article{Cacciari:subtraction,
      author         = "M. Cacciari and  Salam, G. P.",
      title          = "{Pileup subtraction using jet areas}",
      journal        = "Phys. Lett. B",
      volume         = "659",
      pages          = "119",
      doi            = "10.1016/j.physletb.2007.09.077",
      year           = "2008",
      eprint         = "hep-ph/0707.1378",
      archivePrefix  = "arXiv",
      primaryClass   = "hep-ph",
}

@Article{cmsJEC,
     author    = "{CMS Collaboration}",
      collaboration         = "CMS",
      title          = "Determination of Jet Energy Calibration and Transverse Momentum Resolution in {CMS}",
      collaboration  = "CMS",
      journal        = "JINST",
      volume         = "6",
      pages          = "11002",
      doi            = "10.1088/1748-0221/6/11/P11002",
      year           = "2011"
}

@ARTICLE{Santander,
     AUTHOR        = "Harlander, R. and Kramer, M. and Schumacher, M.",
     TITLE         = "Bottom-quark associated {H}iggs-boson production: reconciling the four- and
                     five-flavour scheme approach",
     VOLUME        = "CERN-PH-TH/2011-134, FR-PHENO-2011-009, TTK-11-17, WUB/11-04",
     eprint        = "hep-ph/1112.3478",
     archivePrefix = "arXiv",
     primaryClass  = "hep-ph",
     YEAR          = "2011"}

@ARTICLE{CDF-zeta-2004,
     AUTHOR       = "{CDF Collaboration}",
     TITLE        = "Search for MSSM Higgs Decaying to Tau Pairs",
     JOURNAL      = "CDF Public Note",
     VOLUME       = "7161",
     YEAR         = "2004"}


@Article{Alwall:2007st,
    author    = "Alwall, Johan and others",
    title     = "{MadGraph/MadEvent} v4: the new web generation",
    journal   = "JHEP",
    volume    = "09",
    year      = "2007",
    pages     = "028",
    eprint    = "hep-ph/0706.2334",
    archivePrefix = "arXiv",
    primaryClass  =  "hep-ph",
    doi       = "10.1088/1126-6708/2007/09/028",
    SLACcitation  = "%%CITATION = 0706.2334;%%"
}

@article{Denner:2011mq,
     author         = "Denner, A. and Heinemeyer, S. and Puljak, I. and Rebuzzi,
                       D. and Spira, M.",
     title          = "Standard Model {H}iggs-Boson Branching Ratios with
                       Uncertainties",
     journal        = "Eur. Phys. J. C",
     volume         = "71",
     pages          = "1753",
     doi            = "10.1140/epjc/s10052-011-1753-8",
     year           = "2011",
     eprint         = "hep-ph/1107.5909",
     archivePrefix  = "arXiv",
     primaryClass   = "hep-ph",
     SLACcitation   = "%%CITATION = ARXIV:1107.5909;%%",
}

@Article{Harlander:2002wh,
    author    = " Harlander, R. V. and  Kilgore, W. B.",
    title     = "{Next-to-next-to-leading order Higgs production at hadron
                 colliders}",
    journal   = "Phys. Rev. Lett.",
    volume    = "88",
    year      = "2002",
    pages     = "201801",
    eprint    = "hep-ph/0201206",
    archivePrefix = "arXiv",
    primaryClass = "hep-ph",
    doi          = "10.1103/PhysRevLett.88.201801",
    SLACcitation  = "%%CITATION = HEP-PH/0201206;%%"
}
@Article{Anastasiou:2002yz,
    author    = "C. Anastasiou and M. Charalampos",
    title     = "{Higgs boson production at hadron colliders in NNLO QCD}",
    journal   = "Nucl. Phys. B",
    volume    = "646",
    year      = "2002",
    pages     = "220",
    eprint    = "hep-ph/0207004",
    archivePrefix = "arXiv",
    doi       = "10.1016/S0550-3213(02)00837-4",
    SLACcitation  = "%%CITATION = HEP-PH/0207004;%%"
}
@Article{Ravindran:2003um,
    author    = "Ravindran, V.  and  Smith, J. and van Neerven, W. L.",
    title     = "{NNLO corrections to the total cross section for Higgs boson production  in hadron hadron collisions}",
    journal   = "Nucl. Phys. B",
    volume    = "665",
    year      = "2003",
    pages     = "325",
    eprint    = "hep-ph/0302135",
    archivePrefix = "arXiv",
    doi       = "10.1016/S0550-3213(03)00457-7",
    SLACcitation  = "%%CITATION = HEP-PH/0302135;%%"
}
@Unpublished{Catani:2003zt,
    author    = "S. Catani and others",
    title     = "{Soft-gluon resummation for Higgs boson production at hadron colliders}",
    journal   = "JHEP",
    volume    = "07",
    year      = "2003",
    pages     = "028",
    eprint    = "hep-ph/0306211",
    archivePrefix = "arXiv",
    SLACcitation  = "%%CITATION = HEP-PH/0306211;%%"
}

@Article{Actis:2008ug,
    author    = "S. Actis and others",
    title     = "{NLO Electroweak Corrections to Higgs Boson Production at Hadron Colliders}",
    journal   = "Phys. Lett. B",
    volume    = "670",
    year      = "2008",
    pages     = "12",
    eprint    = "hep-ph/0809.1301",
    archivePrefix = "arXiv",
    primaryClass  =  "hep-ph",
    doi       = "10.1016/j.physletb.2008.10.018",
    SLACcitation  = "%%CITATION = 0809.1301;%%"
}

@Article{Anastasiou:2008tj,
    author    = "C. Anastasiou and R. Boughezal and F. Petriello",
    title     = "{Mixed QCD-electroweak corrections to Higgs boson
                 production in gluon fusion}",
    journal   = "JHEP",
    volume    = "04",
    year      = "2009",
    pages     = "003",
    eprint    = "hep-ph/0811.3458",
    archivePrefix = "arXiv",
    primaryClass  =  "hep-ph",
    doi       = "10.1088/1126-6708/2009/04/003",
    SLACcitation  = "%%CITATION = 0811.3458;%%"
}
@Article{deFlorian:2009hc,
    author    = "de Florian, D.  and Grazzini, M.",
    title     = "{Higgs production through gluon fusion: updated cross
                 sections at the Tevatron and the LHC}",
    journal   = "Phys. Lett. B",
    volume    = "674",
    year      = "2009",
    pages     = "291",
    eprint    = "hep-ph/0901.2427",
    archivePrefix = "arXiv",
    primaryClass  =  "hep-ph",
    doi       = "10.1016/j.physletb.2009.03.033",
    SLACcitation  = "%%CITATION = 0901.2427;%%"
}
@article{Ciccolini:2007jr,
     author         = "Ciccolini, M.  and  Denner, A. and Dittmaier, S.",
     title          = "{Strong and electroweak corrections to the production of Higgs + 2-jets via weak interactions at the LHC}",
     journal        = "Phys. Rev. Lett.",
     volume         = "99",
     pages          = "161803",
     doi            = "10.1103/PhysRevLett.99.161803",
     year           = "2007",
     eprint         = "hep-ph/0707.0381",
     archivePrefix  = "arXiv",
     primaryClass   = "hep-ph",
}

@Article{Ciccolini:2007ec,
     author         = "Ciccolini, M.  and  Denner, A. and Dittmaier, S.",
    title     = "{Electroweak and QCD corrections to Higgs production via
                 vector-boson fusion at the LHC}",
    journal   = "Phys. Rev. D",
    volume    = "77",
    year      = "2008",
    pages     = "013002",
    eprint    = "hep-ph/0710.4749",
    archivePrefix = "arXiv",
    primaryClass  =  "hep-ph",
    doi       = "10.1103/PhysRevD.77.013002",
    SLACcitation  = "%%CITATION = 0710.4749;%%"
}
@Article{Arnold:2008rz,
    author    = "K. Arnold and others",
    title     = "{VBFNLO: A parton level Monte Carlo for processes with electroweak bosons}",
    journal   = "Comput. Phys. Commun.",
    volume    = "180",
    year      = "2009",
    pages     = "1661",
    eprint    = "hep-ph/0811.4559",
    archivePrefix = "arXiv",
    primaryClass  =  "hep-ph",
    doi       = "10.1016/j.cpc.2009.03.006",
    SLACcitation  = "%%CITATION = 0811.4559;%%"
}

@Article{Brein:2003wg,
    author    = "{O. Brein, A. Djouadi, R. Harlander}",
    title     = "{NNLO QCD corrections to the Higgs-strahlung processes at hadron  colliders}",
    journal   = "Phys. Lett. B",
    volume    = "579",
    year      = "2004",
    pages     = "149",
    eprint    = "hep-ph/0307206",
    archivePrefix = "arXiv",
    doi       = "10.1016/j.physletb.2003.10.112",
    SLACcitation  = "%%CITATION = HEP-PH/0307206;%%"
}

@Article{Ciccolini:2003jy,
       author = "Ciccolini, M. L.  and  Dittmaier, S. and  {Kr\"amer}, M.",
       title = "{Electroweak radiative corrections to associated $WH$ and $ZH$ production at hadron colliders}",
       journal = "Phys. Rev. D",
       volume = "68",
       year = "2003",
       pages = "073003",
       eprint = "hep-ph/0306234",
       archivePrefix = "arXiv",
       doi = "10.1103/PhysRevD.68.073003",
       SLACcitation = "%%CITATION = HEP-PH/0306234;%%"
}

@Article{Bredenstein:2006rh,
    author    = "A. Bredenstein and others",
    title     = "{Precise predictions for the Higgs-boson decay H $\rightarrow$ WW/ZZ $\rightarrow$ 4 leptons}",
    journal   = "Phys. Rev. D",
    volume    = "74",
    year      = "2006",
    pages     = "013004",
    eprint    = "hep-ph/0604011",
    archivePrefix = "arXiv",
    doi       = "10.1103/PhysRevD.74.013004",
    SLACcitation  = "%%CITATION = HEP-PH/0604011;%%"
}

@article{Bredenstein:2006ha,
     author         = "A. Bredenstein and others",
     title          = "{Radiative corrections to the semileptonic and hadronic
                       Higgs-boson decays H $\rightarrow $W W / Z Z$\rightarrow$ 4
                       fermions}",
     journal        = "JHEP",
     volume         = "0702",
     pages          = "080",
     year           = "2007",
     eprint         = "hep-ph/0611234",
     archivePrefix  = "arXiv",
     primaryClass   = "hep-ph"
}

@article{Junk,
	Archiveprefix = {arXiv},
	Author = {Junk, Thomas},
	Doi = {10.1016/S0168-9002(99)00498-2},
	Journal = {Nucl. Instrum. Meth. A},
	Pages = {435},
	Primaryclass = {hep-ex},
	Title = {Confidence level computation for combining searches with small statistics},
	Volume = {434},
	Year = {1999},
	Bdsk-Url-1 = {http://dx.doi.org/10.1016/S0168-9002(99)00498-2}
}

@TECHREPORT{Read,
       Author = {A. L. Read},
       Type = {CERN Report},
       pages = {81},
       Title = "Modified frequentist analysis of search results (the CLs method)",
       NUMBER = {CERN-OPEN-2000-005},
       Year = {2000},
       URL= "http://cdsweb.cern.ch/record/451614"
}


@Techreport{LHC-HCG,
    author = "{ATLAS and CMS Collaborations, LHC Higgs Combination Group}",
    title = "Procedure for the {LHC} {H}iggs boson search combination in {S}ummer 2011",
    url = "http://cdsweb.cern.ch/record/1379837",
    type = "ATL-PHYS-PUB/CMS NOTE",
    number = "2011-11, 2011/005",
    year = "2011"
}

@Article{TEVHIGGS_2010,
     author    = "Aaltonen, T. and others",
     collaboration    = "CDF and D0",
     title     = "Combination of {T}evatron Searches for the standard model {H}iggs Boson in the {$\PWp{}\PWm$} Decay Mode",
     journal   = "Phys. Rev. Lett.",
     volume    = "104",
     year      = "2010",
     pages     = "061802",
     doi       = "10.1103/PhysRevLett.104.061802",
     note      = "{A more recent, unpublished, limit is given in preprint arXiv:1103.3233.}"
}

@UNPUBLISHED{TEVHIGGS_2011,
     author    = "{CDF and D0 Collaborations}",
     title     = "{Combined CDF and D0 Upper Limits on Standard Model {H}iggs Boson Production with up to 8.2 $\ifb$ of Data}",
     eprint         = "hep-ex/1103.3233",
     archivePrefix  = "arXiv",
     year      = "2011"
}

@Article{AtlasCombination,
     author    = "{ATLAS Collaboration}",
     title     = "Combined search for the {S}tandard {M}odel {H}iggs boson using up to 4.9 fb$^{-1}$ of pp collision data at $\sqrt{s}$ = 7 {TeV} with the {ATLAS} detector at the {LHC}",
     journal   = "Phys. Lett. B",
     volume    = "710",
     year      = "2012",
     pages     = "49",
     doi       = "10.1016/j.physletb.2012.02.044"
}

@UNPUBLISHED{AtlasHWW,
     author    = "{ATLAS Collaboration}",
     title     = "Search for the {H}iggs boson in the {H$\rightarrow$WW$^{\rm (*)}\rightarrow$lvlv} decay channel in pp collisions at $\sqrt{s}$ = 7 {TeV} with the {ATLAS} detector",
     eprint    = "1112.2577v2",
     archivePrefix  = "arXiv",
     year      = "2011",
     note      = "Submitted to \textit{Phys. Rev. Lett.}"
}

@Article{AtlasHZZ4l,
     author    = "Aad, G. and others",
     collaboration = "ATLAS",
     title     = "Search for the {S}tandard {M}odel {H}iggs boson in the decay channel {$\PH \to \cPZ\cPZ^{\rm (*)} \to 4\ell$} with the {ATLAS} detector",
     journal   = "Phys. Lett. B",
     volume    = "705",
     year      = "2011",
     pages     = "435",
     doi       = "doi:10.1016/j.physletb.2011.10.034"
}

@Article{AtlasHZZ2l2n,
     author    = "{ATLAS Collaboration}",
     collaboration = "ATLAS",
     title     = "Search for a Standard Model {H}iggs boson in the {$\PH \cPZ\cPZ \to 2\ell 2\nu$} decay channel with the {ATLAS} detector",
     journal   = "Phys. Rev. Lett.",
     volume    = "107",
     year      = "2011",
     pages     = "221802",
     doi       = "10.1103/PhysRevLett.107.221802"
}

@Article{Atlas-MSSM,
     author    = "{ATLAS Collaboration}",
     collaboration = "ATLAS",
     title     = "Search for neutral {MSSM} {H}iggs bosons decaying to $\tau^+\tau^-$ pairs in proton-proton collisions at $\sqrt{s}=$~7~{T}eV with the {ATLAS} detector",
     journal   = "Phys. Lett. B",
     volume    = "705",
     year      = "2011",
     pages     = "174",
     doi       = "10.1016/j.physletb.2011.10.001"
}

@Article{CMS-EWK-DIW,
     author    = "Chatrchyan, S. and others",
   collaboration = "CMS",
   title = "Measurement of {${\rm W}^{+}{\rm W}^{-}$} production and search for the {H}iggs boson in pp collisions at $\sqrt{s}=7$~{TeV}",
   journal = "Phys. Lett. B",
   volume = "699",
   doi = "10.1016/j.physletb.2011.03.056",
   year = "2011"
}

@Article{CMS-TOP-XSEC,
     author    = "Chatrchyan, S. and others",
   collaboration = "CMS",
   title = "Measurement of the ${\rm t}\bar{\rm t}$ production cross section in pp collisions at 7~{TeV} in lepton+jets events using b-quark jet identification",
   journal = "Phys. Rev. D",
   volume = "84",
   doi = "10.1103/PhysRevD.84.092004",
   year = "2011"
}

@article{Anastasiou:2002wq,
       author         = "Anastasiou, Charalampos and Melnikov, Kirill",
       title          = "{Pseudoscalar Higgs boson production at hadron colliders
                         in NNLO QCD}",
       journal        = "Phys. Rev. D",
       volume         = "67",
       pages          = "037501",
       doi            = "10.1103/PhysRevD.67.037501",
       year           = "2003",
       eprint         = "hep-ph/0208115",
       archivePrefix  = "arXiv",
       primaryClass   = "hep-ph"
 }

@Article{Djouadi:1991tka,
     author    = "Djouadi, A. and Spira, M. and Zerwas, P. M.",
     title     = "{Production of Higgs bosons in proton colliders: QCD
                  corrections}",
     journal   = "Phys. Lett.",
     volume    = "B264",
     year      = "1991",
     pages     = "440",
     doi       = "10.1016/0370-2693(91)90375-Z",
     SLACcitation  = "%%CITATION = PHLTA,B264,440;%%"
}

@Article{Aglietti:2004nj,
     author    = "Aglietti, U. and Bonciani, R. and Degrassi, G. and Vicini,
                  A.",
     title     = "{Two-loop light fermion contribution to Higgs production
                  and decays}",
     journal   = "Phys. Lett.",
     volume    = "B595",
     year      = "2004",
     pages     = "432",
     eprint    = "hep-ph/0404071",
     archivePrefix = "arXiv",
     doi       = "10.1016/j.physletb.2004.06.063",
     SLACcitation  = "%%CITATION = HEP-PH/0404071;%%"
}
@Article{Degrassi:2004mx,
     author    = "Degrassi, Giuseppe and Maltoni, Fabio",
     title     = "{Two-loop electroweak corrections to Higgs production at
                  hadron  colliders}",
     journal   = "Phys. Lett.",
     volume    = "B600",
     year      = "2004",
     pages     = "255",
     eprint    = "hep-ph/0407249",
     archivePrefix = "arXiv",
     doi       = "10.1016/j.physletb.2004.09.008",
     SLACcitation  = "%%CITATION = HEP-PH/0407249;%%"
}


@Article{Baglio:2010ae,
     author    = "Baglio, Julien and Djouadi, Abdelhak",
     title     = "{Higgs production at the lHC}",
     journal   = "JHEP",
     volume    = "03",
     year      = "2011",
     pages     = "055",
     eprint    = "1012.0530",
     archivePrefix = "arXiv",
     primaryClass  =  "hep-ph",
     doi       = "10.1007/JHEP03(2011)055",
     SLACcitation  = "%%CITATION = 1012.0530;%%"
}

@ARTICLE{CMS-PAPER-HIG-12-032,
     AUTHOR        = "{CMS Collaboration}",
     collaboration = "{CMS}",
     TITLE         = "Combined results of searches for the standard model Higgs boson in pp collisions at $\sqrt{s}$ = 7 {TeV}",
     journal       = "Phys. Lett. B",
     volume        = "710",
     pages         = "26",
     doi           = "10.1016/j.physletb.2012.02.064",
     YEAR          = "2012"}


@ARTICLE{CMS-PAPER-HIG-11-029,
     AUTHOR        = "{CMS Collaboration}",
     collaboration = "{CMS}",
     TITLE         = "Search for neutral Higgs bosons decaying to tau pairs in pp collisions at $\sqrt{s}$ = 7 {TeV}",
     journal       = "Phys. Lett. B",
     volume        = "713",
     pages         = "68",
     doi           = "10.1016/j.physletb.2012.05.028",
     YEAR          = "2012"}


@ARTICLE{CMS-PAPER-HIG-12-010,
      AUTHOR      = "{CMS Collaboration}",
      COLLABORATION = {CMS},
      TITLE       = "Search for the standard model Higgs boson produced in association with W and Z bosons in pp collisions at $\sqrt{s}$ = 7 TeV",
      URL         = "https://cdsweb.cern.ch/record/1451914",
      JOURNAL     = "CMS Paper in preparation",
      VOLUME      =  "CMS-PAPER-HIG-12-010",
      YEAR        = "2012"
}

@ARTICLE{CMS-AN-11-502,
      AUTHOR      = "{M. Bachtis et al}",
      COLLABORATION = {CMS},
      TITLE       = "Search for the Standard Model Higgs Boson produced in association with a W boson in final states with electrons, muons, and taus",
      JOURNAL     = "CMS Analysis Note",
      VOLUME      =  "AN-11-502",
      YEAR        = "2011"
}

@ARTICLE{CMS-AN-12-076,
      AUTHOR      = "{S. Dasu et al}",
      COLLABORATION = {CMS},
      TITLE       = "Search for the standard model Higgs boson decaying into $\tau\tau$ and WW in association with Z boson",
      JOURNAL     = "CMS Analysis Note",
      VOLUME      =  "AN-12-076",
      YEAR        = "2012"
}

@article{PhysRevLett.108.111804,
  pages = {111804},
  author = "Chatrchyan, S. and others",
  month = {Mar},
  numpages = {17},
  volume = {108},
  collaboration = {CMS Collaboration},
  year = {2012},
  journal = {Phys. Rev. Lett.},
  title = {Search for the Standard Model Higgs Boson in the Decay Channel H$\rightarrow${}ZZ$\rightarrow${}$4l$ in $pp$ Collisions at $\sqrt{s}=7\text{\,}\text{\,}\mathrm{TeV}$},
  doi = {10.1103/PhysRevLett.108.111804},
  url = {http://link.aps.org/doi/10.1103/PhysRevLett.108.111804},
  issue = {11},
  publisher = {American Physical Society}
}


@article{MCFM,
      author         = "Campbell, John M. and Ellis, R.K.",
      title          = "{MCFM for the Tevatron and the LHC}",
      journal        = "Nucl.Phys.Proc.Suppl.",
      volume         = "205-206",
      pages          = "10",
      doi            = "10.1016/j.nuclphysbps.2010.08.011",
      year           = "2010",
      eprint         = "1007.3492",
      archivePrefix  = "arXiv",
      primaryClass   = "hep-ph",
      reportNumber   = "FERMILAB-CONF-10-244-T",
      SLACcitation   = "%%CITATION = ARXIV:1007.3492;%%",
}

@article{Georgi:1977gs,
        Author = {Georgi, H.M. and Glashow, S.L. and Machacek, M.E. and Nanopoulos, Dimitri V.},
        Date-Added = {2012-02-19 09:33:41 -0500},
        Date-Modified = {2012-02-19 09:33:41 -0500},
        Doi = {10.1103/PhysRevLett.40.692},
        Journal = {Phys. Rev. Lett.},
        Pages = {692},
        Reportnumber = {HUTP-77/A084},
        Slaccitation = {%%CITATION = PRLTA,40,692;%%},
        Title = {{H}iggs Bosons from Two Gluon Annihilation in Proton Proton Collisions},
        Volume = {40},
        Year = {1978},
        Bdsk-Url-1 = {http://dx.doi.org/10.1103/PhysRevLett.40.692}}

@article{Cahn:1986zv,
      author         = "Cahn, Robert N. and Ellis, Stephen D. and Kleiss, Ronald
                        and Stirling, W. James",
      title          = "{Transverse Momentum Signatures for Heavy Higgs Bosons}",
      journal        = "Phys.Rev.",
      volume         = "D35",
      pages          = "1626",
      doi            = "10.1103/PhysRevD.35.1626",
      year           = "1987",
      reportNumber   = "LBL-21649",
      SLACcitation   = "%%CITATION = PHRVA,D35,1626;%%",
}

@article{Plehn:1999xi,
      author         = "Plehn, T. and Rainwater, David L. and Zeppenfeld, D.",
      title          = "{A Method for identifying H $\rightarrow \tau \tau \rightarrow \mathrm{e}^{\pm}
                        \mu^{\pm}$ pTmiss at the CERN LHC}",
      journal        = "Phys.Rev.",
      volume         = "D61",
      pages          = "093005",
      doi            = "10.1103/PhysRevD.61.093005",
      year           = "2000",
      eprint         = "hep-ph/9911385",
      archivePrefix  = "arXiv",
      primaryClass   = "hep-ph",
      reportNumber   = "MADPH-99-1142, FERMILAB-PUB-99-290-T",
      SLACcitation   = "%%CITATION = HEP-PH/9911385;%%",
}

@article{Rainwater:1998kj,
      author         = "Rainwater, David L. and Zeppenfeld, D. and Hagiwara,
                        Kaoru",
      title          = "{Searching for H $\rightarrow \tau \tau$ in weak boson fusion at
                        the CERN LHC}",
      journal        = "Phys.Rev.",
      volume         = "D59",
      pages          = "014037",
      doi            = "10.1103/PhysRevD.59.014037",
      year           = "1998",
      eprint         = "hep-ph/9808468",
      archivePrefix  = "arXiv",
      primaryClass   = "hep-ph",
      reportNumber   = "MADPH-98-1057, KEK-PREPRINT-98-166, KEK-TH-589",
      SLACcitation   = "%%CITATION = HEP-PH/9808468;%%", }

@article{atlas:20127tev,
      author         = "ATLAS Collaboration",
      title          = "{Combined search for the Standard Model Higgs boson in pp
                        collisions at sqrt(s) = 7 TeV with the ATLAS detector}",
      collaboration  = "ATLAS",
      year           = "2012",
      eprint         = "1207.0319",
      archivePrefix  = "arXiv",
      primaryClass   = "hep-ex",
      reportNumber   = "CERN-PH-EP-2012-167",
      Note = {Submitted to \textit{Phys. Rev. D}},
      SLACcitation   = "%%CITATION = ARXIV:1207.0319;%%",
}



@article{Heinemeyer:2011aa,
      author         = "Heinemeyer, S. and Stal, O. and Weiglein, G.",
      title          = "{Interpreting the LHC Higgs Search Results in the MSSM}",
      journal        = "Phys.Lett.",
      volume         = "B710",
      pages          = "201-206",
      doi            = "10.1016/j.physletb.2012.02.084",
      year           = "2012",
      eprint         = "1112.3026",
      archivePrefix  = "arXiv",
      primaryClass   = "hep-ph",
      reportNumber   = "DESY-11-243",
      SLACcitation   = "%%CITATION = ARXIV:1112.3026;%%",
}

@ARTICLE{CMS-PAPER-HIG-13-004,
      AUTHOR      = "{CMS Collaboration}",
      COLLABORATION = {CMS},
      TITLE       = "Search for the Standard--Model Higgs boson decaying to tau pairs in proton--proton collisions at $\sqrt{s} = 7$ and $8$~\TeV",
      URL         = "https://cds.cern.ch/record/1528271",
      JOURNAL     = "CMS Paper in preparation",
      VOLUME      =  "CMS-PAPER-HIG-13-004",
      YEAR        = "2013"
}

@article{Read:1999kh,
      author         = "Read, Alexander L.",
      title          = "{Linear interpolation of histograms}",
      journal        = "Nucl.Instrum.Meth.",
      volume         = "A425",
      pages          = "357-360",
      doi            = "10.1016/S0168-9002(98)01347-3",
      year           = "1999",
      SLACcitation   = "%%CITATION = NUIMA,A425,357;%%",
}

@TECHREPORT{CMS-PAS-JME-12-002,
      AUTHOR      = "{CMS Collaboration}",
      COLLABORATION = {CMS},
      TITLE       = "Performance of Missing Transverse Momentum Reconstruction Algorithms in Proton--Proton Collisions at $\sqrt{s} = 8$~TeV with the CMS Detector",
      URL         = "http://cds.cern.ch/record/1543527",
      TYPE     = "CMS Physics Analysis Summary",
      NUMBER      =  "CMS-PAS-JME-12-002",
      YEAR        = "2012"
}